@ARTICLE{rigault2020,
       author = {{Rigault}, M. and {Brinnel}, V. and {Aldering}, G. and {Antilogus}, P. and {Aragon}, C. and {Bailey}, S. and {Baltay}, C. and {Barbary}, K. and {Bongard}, S. and {Boone}, K. and {Buton}, C. and {Childress}, M. and {Chotard}, N. and {Copin}, Y. and {Dixon}, S. and {Fagrelius}, P. and {Feindt}, U. and {Fouchez}, D. and {Gangler}, E. and {Hayden}, B. and {Hillebrandt}, W. and {Howell}, D.~A. and {Kim}, A. and {Kowalski}, M. and {Kuesters}, D. and {Leget}, P. -F. and {Lombardo}, S. and {Lin}, Q. and {Nordin}, J. and {Pain}, R. and {Pecontal}, E. and {Pereira}, R. and {Perlmutter}, S. and {Rabinowitz}, D. and {Runge}, K. and {Rubin}, D. and {Saunders}, C. and {Smadja}, G. and {Sofiatti}, C. and {Suzuki}, N. and {Taubenberger}, S. and {Tao}, C. and {Thomas}, R.~C.},
        title = "{Strong dependence of Type Ia supernova standardization on the local specific star formation rate}",
      journal = {\aap},
     keywords = {cosmology: observations, cosmological parameters, dark energy, Astrophysics - Cosmology and Nongalactic Astrophysics, Astrophysics - Astrophysics of Galaxies},
         year = 2020,
        month = dec,
       volume = {644},
          eid = {A176},
        pages = {A176},
          doi = {10.1051/0004-6361/201730404},
archivePrefix = {arXiv},
       eprint = {1806.03849},
 primaryClass = {astro-ph.CO},
       adsurl = {https://ui.adsabs.harvard.edu/abs/2020A&A...644A.176R},
      adsnote = {Provided by the SAO/NASA Astrophysics Data System}
}

@ARTICLE{sullivan2010
       author = {{Sullivan}, M. and {Conley}, A. and {Howell}, D.~A. and {Neill}, J.~D. and {Astier}, P. and {Balland}, C. and {Basa}, S. and {Carlberg}, R.~G. and {Fouchez}, D. and {Guy}, J. and {Hardin}, D. and {Hook}, I.~M. and {Pain}, R. and {Palanque-Delabrouille}, N. and {Perrett}, K.~M. and {Pritchet}, C.~J. and {Regnault}, N. and {Rich}, J. and {Ruhlmann-Kleider}, V. and {Baumont}, S. and {Hsiao}, E. and {Kronborg}, T. and {Lidman}, C. and {Perlmutter}, S. and {Walker}, E.~S.},
        title = "{The dependence of Type Ia Supernovae luminosities on their host galaxies}",
      journal = {\mnras},
     keywords = {supernovae: general, cosmology: observations, distance scale, Astrophysics - Cosmology and Nongalactic Astrophysics},
         year = 2010,
        month = aug,
       volume = {406},
       number = {2},
        pages = {782-802},
          doi = {10.1111/j.1365-2966.2010.16731.x},
archivePrefix = {arXiv},
       eprint = {1003.5119},
 primaryClass = {astro-ph.CO},
       adsurl = {https://ui.adsabs.harvard.edu/abs/2010MNRAS.406..782S},
      adsnote = {Provided by the SAO/NASA Astrophysics Data System}
}



